@string{icra = {Proceedings of the IEEE International Conference on Robotics and
    Automation (ICRA)}}
@string{icra_abbrev = {Proc.\ IEEE Int'l Conf.\ on Robotics and
    Automation (ICRA)}}
@string{wafr = {Proceedings of the International Workshop on Algorithmic Foundations
    of Robotics (WAFR)}}
@string{wafr_abbrev = {Proc.\ Int'l Workshop on Algorithmic Foundations
    of Robotics (WAFR)}}
@string{iros = {Proceedings of the IEEE/RSJ International Conference on Intelligent Robots and Systems (IROS)}}
@string{iros_abbrev = {Proc. IEEE/RSJ Int'l Conf.\ on Intelligent Robots and Systems (IROS)}}
@string{iser = {Proceedings of the International Symposium on Experimental Robotics (ISER)}}
@string{iser_abbrev = {Proc.\ Int'l. Symp.\ on Experimental Robotics (ISER)}}
@string{isrr = {Proceedings of the International Symposium of Robotics Research (ISRR)}}
@string{isrr_abbrev = {Proc.\ Int'l.\ Symp.\ of Robotics Research (ISRR)}}
@string{cvprcs="Proceedings of the IEEE Computer Society Conference on Computer Vision and Pattern Recognition (CVPR)"}
@string{cvprcs_abbrev="Proc.\ IEEE Comp.\ Soc.\ Conf.\ on Computer Vision and Pattern Recognition (CVPR)"}
@string{cvpr="Proceedings of the IEEE Conference on Computer Vision and Pattern Recognition (CVPR)"}
@string{cvpr_abbrev="Proc.\ IEEE Conf.\ on Computer Vision and Pattern Recognition (CVPR)"}
@string{iccv="Proceedings of the International Conference on Computer Vision (ICCV)"}
@string{iccv_abbrev="Proc.\ Int'l.\ Conf.\ on Computer Vision (ICCV)"}
@string{ijcv="International Journal on Computer Vision"}
@string{ijcv_abbrev="Int'l J.\ on Computer Vision"}
@string{ijrr="International Journal of Robotics Research"}
@string{ijrr_abbrev="Int'l J.\ of Robotics Research"}
@string{hri="Proceedings of the ACM/IEEE International Conference on Human-Robot Interaction (HRI)"}
@string{hri_abbrev="Proc.\ Int'l. Conf.\ on Human-Robot Interaction"}
@string{rss="Proceedings of Robotics: Science and Systems (RSS)"}
@string{rss_abbrev="Proc.\ Robotics: Science and Systems (RSS)"}
@string{aaai="Proceedings of the National Conference on Artificial Intelligence (AAAI)"}
@string{aaai_abbrev="Proc.\ Nat'l Conf.\ on Artificial Intelligence (AAAI)"}
@string{tro="Transactions on Robotics"}
@string{tro_abbrev="Trans.\ on Robotics"}
@string{uai="Proceedings of the Conference on Uncertainty in Artificial Intelligence (UAI)"}
@string{uai_abbrev="Proc.\ Conf.\ on Uncertainty in Artificial Intelligence (UAI)"}
@string{icml="Proceedings of the International Conference on Machine Learning (ICML)"}
@string{icml_abbrev="Proc.\ Int'l Conf.\ on Machine Learning (ICML)"}


@inproceedings{matuszek12a,
  author =       {Matuszek, C. and Herbst, E. and Zettlemoyer, L. and Fox, D.},
  title =        {Learning to Parse Natural Language Commands to a Robot Control System},
  booktitle =    iser_abbrev,
  year =         2012,
}

@inproceedings{macmahon06,
    title = {Walk the talk: Connecting language, knowledge, and action in route instructions},
    booktitle = aaai_abbrev,
    author = {Matt MacMahon and Brian Stankiewicz and Benjamin Kuipers},
    year = {2006}
}

@inproceedings{kollar10,
    title = {Toward Understanding Natural Language Directions},
    booktitle = hri_abbrev,
    author = {Thomas Kollar and Stefanie Tellex and Deb Roy and Nicholas Roy},
    year = {2010},
}

@inproceedings{duvallet13,
author = {Duvallet, Felix and Kollar, Thomas and Stentz, Anthony},
booktitle = icra_abbrev,
title = {Imitation learning for natural language direction following through unknown environments},
year = {2013}
}


@inproceedings{tellex11,
    author       = {Tellex, S. and Kollar, T. and Dickerson, S. and Walter, Matthew R. and Banerjee, Ashis G. and Teller, S. and Roy, N.},
    title        = {Understanding Natural Language Commands for Robotic Navigation and Mobile Manipulation},
    booktitle    = aaai_abbrev,
    year         = {2011},
}

@inproceedings{howard14a,
  author = "T.M. Howard and S. Tellex and N. Roy",
  title = "A Natural Language Planner Interface for Mobile Manipulators",
  booktitle =  icra_abbrev,
  year =   "2014",
}

@inproceedings{walter13,
    author       = {Walter, Matthew R. and Hemachandra, S. and Homberg, B. and Tellex, S. and Teller, S.},
    title        = {Learning Semantic Maps from Natural Language Descriptions},
    booktitle    = rss_abbrev,
    year         = {2013},
}

@article{McGeer01041990,
  author = {McGeer, Tad},
  title = {\href{http://ijr.sagepub.com/content/9/2/62.abstract}{Passive Dynamic Walking}},
  volume = {9},
  number = {2},
  pages = {62-82},
  year = {1990},
  doi = {10.1177/027836499000900206},
  URL = {http://ijr.sagepub.com/content/9/2/62.abstract},
  eprint = {http://ijr.sagepub.com/content/9/2/62.full.pdf+html},
  journal = {The International Journal of Robotics Research}
}

@article{kalman1960new,
  title={A new approach to linear filtering and prediction problems},
  author={Kalman, R.E.},
  journal={Journal of Basic Engineering},
  volume={82},
  number={1},
  pages={35--45},
  year={1960},
  publisher={Citeseer}
}
